@misc{20171Falsified,
    title = {{1 in 10 medical products in developing countries is substandard or falsified}},
    year = {2017},
    month = {11},
    url = {https://www.who.int/news/item/28-11-2017-1-in-10-medical-products-in-developing-countries-is-substandard-or-falsified}
}

@article{29-06-2016-Corruption_In_The_Pharmaceutical_Sector_Web-2,
    title = {{29-06-2016-Corruption{\_}In{\_}The{\_}Pharmaceutical{\_}Sector{\_}Web-2}}
}

@article{YounusKhan2021ADetection,
    title = {{A Benchmark Study of Machine Learning Models for Online Fake News Detection}},
    year = {2021},
    author = {Younus Khan, Junaed and Tawkat, Md and Khondaker, Islam and Afroz, Sadia and Uddin, Gias and Iqbal, Anindya},
    url = {https://github.com/JunaedYounusKhan51/},
    arxivId = {1905.04749v2}
}

@article{Abbas2020AIndustry,
    title = {{A blockchain and machine learning-based drug supply chain management and recommendation system for smart pharmaceutical industry}},
    year = {2020},
    journal = {Electronics (Switzerland)},
    author = {Abbas, Khizar and Afaq, Muhammad and Khan, Talha Ahmed and Song, Wang Cheol},
    number = {5},
    month = {5},
    volume = {9},
    publisher = {MDPI AG},
    doi = {10.3390/electronics9050852},
    issn = {20799292},
    keywords = {Blockchain, Drug supply chain, Healthcare, Hyperledger fabrics, Machine learning, Smart contract}
}

@article{Zhu2020ATraceability,
    title = {{A blockchain based solution for medication anti-counterfeiting and traceability}},
    year = {2020},
    journal = {IEEE Access},
    author = {Zhu, Peng and Hu, Jian and Zhang, Yue and Li, Xiaotong},
    pages = {184256--184272},
    volume = {8},
    publisher = {Institute of Electrical and Electronics Engineers Inc.},
    doi = {10.1109/ACCESS.2020.3029196},
    issn = {21693536},
    keywords = {Blockchain, Medication anti-counterfeiting, PBFT consensus, Supply chain, Traceability}
}

@article{Figorilli2018AChain,
    title = {{A blockchain implementation prototype for the electronic open source traceability of wood along the whole supply chain}},
    year = {2018},
    journal = {Sensors (Switzerland)},
    author = {Figorilli, Simone and Antonucci, Francesca and Costa, Corrado and Pallottino, Federico and Raso, Luciano and Castiglione, Marco and Pinci, Edoardo and Del Vecchio, Davide and Colle, Giacomo and Proto, Andrea Rosario and Sperandio, Giulio and Menesatti, Paolo},
    number = {9},
    month = {9},
    volume = {18},
    publisher = {MDPI AG},
    doi = {10.3390/s18093133},
    issn = {14248220},
    pmid = {30227651},
    keywords = {ARDUINO{\textregistered}, Infotracing, IoT, RFID, Sensors}
}

@misc{ADocumentation,
    title = {{A Blockchain Platform for the Enterprise — hyperledger-fabricdocs main documentation}},
    url = {https://hyperledger-fabric.readthedocs.io/en/release-2.5/}
}

@article{Musamih2021AChain,
    title = {{A blockchain-based approach for drug traceability in healthcare supply chain}},
    year = {2021},
    journal = {IEEE Access},
    author = {Musamih, Ahmad and Salah, Khaled and Jayaraman, Raja and Arshad, Junaid and Debe, Mazin and Al-Hammadi, Yousof and Ellahham, Samer},
    pages = {9728--9743},
    volume = {9},
    publisher = {Institute of Electrical and Electronics Engineers Inc.},
    doi = {10.1109/ACCESS.2021.3049920},
    issn = {21693536},
    keywords = {Blockchain, drug counterfeiting, healthcare, security, supply chain, traceability, trust}
}

@article{Shrivas2017ASystems,
    title = {{A Crictal Review of Cryptocurrency Systems}},
    year = {2017},
    journal = {TEXILA INTERNATIONAL JOURNAL OF ACADEMIC RESEARCH},
    author = {Shrivas, Mahendra Kumar},
    number = {2},
    month = {12},
    pages = {116--131},
    volume = {4},
    publisher = {Texila Education Consulting And Management Services FZE},
    doi = {10.21522/tijar.2014.04.02.art012}
}

@article{Okoli2015AReview,
    title = {{A guide to conducting a standalone systematic literature review}},
    year = {2015},
    journal = {Communications of the Association for Information Systems},
    author = {Okoli, Chitu},
    number = {1},
    pages = {879--910},
    volume = {37},
    publisher = {Association for Information Systems},
    doi = {10.17705/1cais.03743},
    issn = {15293181},
    keywords = {Information systems research, Literature reviews, Systematic literature reviews, Systematic reviews}
}

@article{Bala2022ABlockchain,
    title = {{A novel game theory based reliable proof-of-stake consensus mechanism for blockchain}},
    year = {2022},
    journal = {Transactions on Emerging Telecommunications Technologies},
    author = {Bala, Kirti and Kaur, Pankaj Deep},
    number = {9},
    month = {9},
    volume = {33},
    publisher = {John Wiley and Sons Inc},
    doi = {10.1002/ett.4525},
    issn = {21613915},
    keywords = {blockchain, consensus mechanism, crop insurance, federated learning, game theory}
}

@techreport{Wardle2022ABlockchain,
    title = {{A project report submitted for the award of MEng Computer Science with Cyber Security Anonymous, End-to-End Encrypted Secure Messaging over the Ethereum Blockchain}},
    year = {2022},
    author = {Wardle, Joshua}
}

@article{Sharma2021ASCENARIO,
    title = {{A STUDY ON DRUG COUNTERFEITING IN THE LIGHT OF COVID-19 PANDEMIC: INDIAN SCENARIO}},
    year = {2021},
    journal = {Copyright Information SUPREMO AMICUS},
    author = {Sharma, Sarita K},
    volume = {25},
    url = {www.supremoamicus.org},
    issn = {2456-9704}
}

@article{NinarehMehrabi2021ALearning,
    title = {{A Survey on Bias and Fairness in Machine Learning}},
    year = {2021},
    journal = {ACM Computing Surveys},
    author = {{Ninareh Mehrabi} and {Fred Morstatter} and {Nripsuta Saxena} and {Kristina Lerman} and {Aram Galstyan}},
    number = {6},
    month = {7},
    volume = {56},
    url = {https://dl.acm.org/doi/pdf/10.1145/3457607}
}

@article{Vadgama2021An2020,
    title = {{An Analysis of Blockchain Adoption in Supply Chains Between 2010 and 2020}},
    year = {2021},
    journal = {Frontiers in Blockchain},
    author = {Vadgama, Nikhil and Tasca, Paolo},
    month = {3},
    volume = {4},
    publisher = {Frontiers Media SA},
    doi = {10.3389/fbloc.2021.610476},
    arxivId = {2010.00092}
}

@book{ChristopherD.Manning2009AnRetrieval,
    title = {{An Introduction to Information Retrieval}},
    year = {2009},
    author = {{Christopher D. Manning} and {Prabhakar Raghavan} and {Hinrich Sch{\"{u}}tze}},
    pages = {156--157},
    publisher = {Cambridge University Press},
    url = {https://nlp.stanford.edu/IR-book/pdf/irbookonlinereading.pdf}
}

@techreport{MarionAnModelling,
    title = {{An Introduction to Mathematical Modelling}},
    author = {Marion, Glenn and Scotland, Statistics}
}

@techreport{SaifAnalysisProof-of-Stake,
    title = {{Analysis of Blockchain consensus mechanisms Proof-of-Work vs Proof-of-Stake}},
    author = {Saif, Saba}
}

@article{Erdogan2022AnalyzingSustainability,
    title = {{Analyzing asymmetric effects of cryptocurrency demand on environmental sustainability}},
    year = {2022},
    journal = {Environmental Science and Pollution Research},
    author = {Erdogan, Sinan and Ahmed, Maruf Yakubu and Sarkodie, Samuel Asumadu},
    number = {21},
    month = {5},
    pages = {31723--31733},
    volume = {29},
    publisher = {Springer Science and Business Media Deutschland GmbH},
    doi = {10.1007/s11356-021-17998-y},
    issn = {16147499},
    pmid = {35013947},
    keywords = {Asymmetric causality, Bitcoin (BTC), Cryptocurrency, Environmental sustainability, Ethereum (ETH), Ripple (XRP)}
}

@article{Harrag2022ArabicApproach,
    title = {{Arabic Fake News Detection: A Fact Checking Based Deep Learning Approach}},
    year = {2022},
    journal = {ACM Trans. Asian Low-Resour. Lang. Inf. Process},
    author = {Harrag, Fouzi and Djahli, Mohamed Khalil},
    volume = {21},
    url = {https://doi.org/10.1145/3501401},
    isbn = {10.1145/3501401},
    doi = {10.1145/3501401},
    keywords = {Arabic corpus, CCS Concepts: • Computing methodologies → Natural language processing; Additional Key Words and Phrases: Fake news detection, Convo-lutional Neural Network, deep learning, fact checking, social media}
}

@article{Powell2021AWARENESSBLOCKCHAIN,
    title = {{AWARENESS OF BLOCKCHAIN USAGE, STRUCTURE, "{\&}" GENERATION OF PLATFORM?S ENERGY CONSUMPTION: WORKING TOWARDS A GREENER BLOCKCHAIN}},
    year = {2021},
    journal = {Issues In Information Systems},
    author = {Powell, Marie Loreeen and Hendon, Michalina and Mangle, Andrew and Wimmer, Hayden},
    publisher = {International Association for Computer Information},
    doi = {10.48009/1{\_}iis{\_}2021{\_}114-123}
}

@techreport{Aldweesh2020BenchmarkingApplications,
    title = {{Benchmarking and Evaluation of Blockchain Systems and Applications}},
    year = {2020},
    author = {Aldweesh, Amjad}
}

@article{Lei2021BestRecommendations,
    title = {{Best practices for analyzing the direct energy use of blockchain technology systems: Review and policy recommendations}},
    year = {2021},
    journal = {Energy Policy},
    author = {Lei, Nuoa and Masanet, Eric and Koomey, Jonathan},
    month = {9},
    volume = {156},
    publisher = {Elsevier Ltd},
    doi = {10.1016/j.enpol.2021.112422},
    issn = {03014215},
    keywords = {Blockchain, Electricity use, Energy demand, Information and communication technology}
}

@misc{BitcoinCoinMarketCap,
    title = {{Bitcoin price today, BTC to USD live, marketcap and chart | CoinMarketCap}},
    url = {https://coinmarketcap.com/currencies/bitcoin/}
}

@misc{Centieiro2021BitcoinCoding,
    title = {{Bitcoin Proof of Work — The Only Article You Will Ever Have to Read | by Henrique Centieiro | Level Up Coding}},
    year = {2021},
    author = {Centieiro, Henrique},
    month = {5},
    url = {https://levelup.gitconnected.com/bitcoin-proof-of-work-the-only-article-you-will-ever-have-to-read-4a1fcd76a294}
}

@article{deVries2020BitcoinsApproach,
    title = {{Bitcoin's energy consumption is underestimated: A market dynamics approach}},
    year = {2020},
    journal = {Energy Research and Social Science},
    author = {de Vries, Alex},
    month = {12},
    volume = {70},
    publisher = {Elsevier Ltd},
    url = {https://digiconomist.net/bitcoin-energy-consumption/},
    doi = {10.1016/J.ERSS.2020.101721},
    issn = {22146296},
    keywords = {Behavioral economics, Bitcoin, Blockchain, Cryptocurrency mining, Energy consumption, Proof-of-work}
}

@techreport{NakamotoBitcoin:System,
    title = {{Bitcoin: A Peer-to-Peer Electronic Cash System}},
    author = {Nakamoto, Satoshi},
    url = {www.bitcoin.org}
}

@article{Ioannou2022BlockchainLaw,
    title = {{Blockchain and supply chain finance: a critical literature review at the intersection of operations, finance and law}},
    year = {2022},
    journal = {Journal of Banking and Financial Technology},
    author = {Ioannou, Ilias and Demirel, Guven},
    number = {1},
    month = {6},
    pages = {83--107},
    volume = {6},
    publisher = {Springer Science and Business Media LLC},
    doi = {10.1007/s42786-022-00040-1},
    issn = {2524-7956}
}

@techreport{KavishBhoyroo2022BlockchainCasteleiro,
    title = {{Blockchain Based E-Voting Using Smart Contract Project Supervisor: George Konstantinidis Second Examiner: Mercedes Arguello Casteleiro}},
    year = {2022},
    author = {Kavish Bhoyroo, Yohan}
}

@article{Esmaeilian2020Blockchain4.0,
    title = {{Blockchain for the future of sustainable supply chain management in Industry 4.0}},
    year = {2020},
    journal = {Resources, Conservation and Recycling},
    author = {Esmaeilian, Behzad and Sarkis, Joe and Lewis, Kemper and Behdad, Sara},
    month = {12},
    volume = {163},
    publisher = {Elsevier B.V.},
    doi = {10.1016/j.resconrec.2020.105064},
    issn = {18790658},
    keywords = {Blockchain, Circular economy, Industry 4.0, IoT, Supply chain, Sustainability}
}

@techreport{DaBlockchain4.0,
    title = {{Blockchain Technologies Blockchain Technology for Industry 4.0}},
    author = {Da, Rodrigo and Antonio, Rosa Righi and Alberti, Marcos and Singh, Madhusudan},
    url = {http://www.springer.com/series/16276},
    keywords = {Decentralized, Distributed and Trusted Industry Environment, Editors Secure}
}

@techreport{Bitcoin2015BlockChainTechnology,
    title = {{BlockChain Technology}},
    year = {2015},
    author = {Bitcoin, Beyond and Crosby, Michael and Nachiappan, Google and Pradhan Pattanayak, Yahoo and Sanjeev Verma, Yahoo and Kalyanaraman, Vignesh and Semiconductor, Fairchild}
}

@misc{Javaid2021BlockchainReview,
    title = {{Blockchain technology applications for Industry 4.0: A literature-based review}},
    year = {2021},
    booktitle = {Blockchain: Research and Applications},
    author = {Javaid, Mohd and Haleem, Abid and Pratap Singh, Ravi and Khan, Shahbaz and Suman, Rajiv},
    number = {4},
    month = {12},
    volume = {2},
    publisher = {Elsevier Ltd},
    doi = {10.1016/j.bcra.2021.100027},
    issn = {26669536},
    keywords = {Blockchain, Data storage, Industry 4.0, Information, Manufacturing}
}

@inproceedings{Mettler2016BlockchainHere,
    title = {{Blockchain technology in healthcare: The revolution starts here}},
    year = {2016},
    booktitle = {2016 IEEE 18th International Conference on e-Health Networking, Applications and Services, Healthcom 2016},
    author = {Mettler, Matthias},
    month = {11},
    publisher = {Institute of Electrical and Electronics Engineers Inc.},
    isbn = {9781509033706},
    doi = {10.1109/HealthCom.2016.7749510},
    keywords = {Blockchain, counterfeit drugs, digital health, digitalization, health information management, healthcare, medical research, medical treatment, new business models, patient data}
}

@article{Musamih2021Blockchain-BasedVaccines,
    title = {{Blockchain-Based Solution for Distribution and Delivery of COVID-19 Vaccines}},
    year = {2021},
    journal = {IEEE Access},
    author = {Musamih, Ahmad and Jayaraman, Raja and Salah, Khaled and Hasan, Haya R. and Yaqoob, Ibrar and Al-Hammadi, Yousof},
    pages = {71372--71387},
    volume = {9},
    publisher = {Institute of Electrical and Electronics Engineers Inc.},
    doi = {10.1109/ACCESS.2021.3079197},
    issn = {21693536},
    keywords = {COVID-19 vaccines, Ethereum, security, smart contracts, traceability, vaccines' distribution and delivery}
}

@article{Wang2020Blockchain-enabledFashion,
    title = {{Blockchain-enabled circular supply chain management: A system architecture for fast fashion}},
    year = {2020},
    journal = {Computers in Industry},
    author = {Wang, Bill and Luo, Wen and Zhang, Abraham and Tian, Zonggui and Li, Z.},
    month = {12},
    volume = {123},
    publisher = {Elsevier B.V.},
    doi = {10.1016/j.compind.2020.103324},
    issn = {01663615},
    keywords = {Blockchain, Circular economy, Circular supply chain management, Fast fashion}
}

@article{Leng2021Blockchain-SecuredSurvey,
    title = {{Blockchain-Secured Smart Manufacturing in Industry 4.0: A Survey}},
    year = {2021},
    journal = {IEEE Transactions on Systems, Man, and Cybernetics: Systems},
    author = {Leng, Jiewu and Ye, Shide and Zhou, Man and Zhao, J. Leon and Liu, Qiang and Guo, Wei and Cao, Wei and Fu, Leijie},
    number = {1},
    month = {1},
    pages = {237--252},
    volume = {51},
    publisher = {Institute of Electrical and Electronics Engineers Inc.},
    doi = {10.1109/TSMC.2020.3040789},
    issn = {21682232},
    keywords = {Blockchain, Industry 4.0, cybersecurity, smart contract, smart manufacturing}
}

@misc{CambridgeCBECI,
    title = {{Cambridge Bitcoin Electricity Consumption Index (CBECI)}},
    url = {https://ccaf.io/cbeci/index}
}

@article{Platt2021CardanoSizes,
    title = {{Cardano Throughput and Stake Pool Sizes}},
    year = {2021},
    author = {Platt, Moritz},
    volume = {1},
    publisher = {Mendeley Data},
    doi = {10.17632/4JV2WMWRC5.1}
}

@article{Cardano_pools,
    title = {{cardano{\_}pools}}
}

@techreport{CCRI:Institute,
    title = {{CCRI: Determining the electricity consumption and carbon footprint of Proof of Stake networks Crypto Carbon Ratings Institute}},
    url = {https://carbon-ratings.com}
}

@techreport{CCRI:Network,
    title = {{CCRI: The Merge Implications on the Electricity Consumption and Carbon Footprint of the Ethereum Network}},
    url = {https://carbon-ratings.com}
}

@techreport{GoundarChapterProject,
    title = {{Chapter 3-Research Methodology and Research Method Some of the authors of this publication are also working on these related projects: Blockchains and Cryptocurrencies View project Blockchain Technologies, Applications and Cryptocurrencies: Current Practices and Future Trends View project}},
    author = {Goundar, Sam},
    url = {https://www.researchgate.net/publication/333015026}
}

@misc{ClientsExplorer,
    title = {{Clients - ethernodes.org - The Ethereum Network {\&} Node Explorer}},
    url = {https://ethernodes.org/}
}

@misc{ClientsExplorerb,
    title = {{Clients - ethernodes.org - The Ethereum Network {\&} Node Explorer}},
    url = {https://ethernodes.org/}
}

@article{Abdullah-All-Tanvir2019DetectingAlgorithms,
    title = {{Detecting Fake News using Machine Learning and Deep Learning Algorithms}},
    year = {2019},
    journal = {2019 7th International Conference on Smart Computing and Communications, ICSCC 2019},
    author = {{Abdullah-All-Tanvir} and Mahir, Ehesas Mia and Akhter, Saima and Huq, Mohammad Rezwanul},
    month = {6},
    publisher = {Institute of Electrical and Electronics Engineers Inc.},
    isbn = {9781728115573},
    doi = {10.1109/ICSCC.2019.8843612},
    keywords = {Data quality, Fake News, Machine Learning, Social Media, Twitter, counterfeit}
}

@misc{2022DeveloperGo-ethereum,
    title = {{Developer Documentation - go-ethereum}},
    year = {2022},
    month = {12},
    url = {https://geth.ethereum.org/docs}
}

@article{BhumikaSahu2020DevelopmentPi,
    title = {{Development of Machine Learning {\&} Edge IoT Based Non-destructive Food Quality Monitoring System using Raspberry Pi}},
    year = {2020},
    journal = {2020 IEEE International Conference on Computing, Power and Communication Technologies (GUCON)},
    author = {{Bhumika Sahu} and {Abhai Tiwari} and {J L Raheja} and {Santosh Kumar}},
    month = {10},
    url = {https://ieeexplore.ieee.org/stamp/stamp.jsp?tp=&arnumber=9231061}
}

@misc{Devp2p/snap.mdEthereum/devp2p,
    title = {{devp2p/snap.md at master {\textperiodcentered} ethereum/devp2p}},
    url = {https://github.com/ethereum/devp2p/blob/master/caps/snap.md}
}

@techreport{PlattDiscussionProof-of-Work,
    title = {{Discussion Paper Energy Footprint of Blockchain Consensus Mechanisms Beyond Proof-of-Work Energy Footprint of Blockchain Consensus Mechanisms Beyond Proof-of-Work}},
    author = {Platt, Moritz and Sedlmeir, Johannes and Platt, Daniel and Xu, Jiahua and Tasca, Paolo and Vadgama, Nikhil and Iba{\~{n}}ez, Juan Ignacio and Ignacio Iba{\~{n}}ez, Juan},
    url = {https://ethereum.org/en/developers/docs/nodes-and-clients/},
    keywords = {Blockchain, Carbon Footprint, Distributed Ledger Technology, Proof-of-Stake, Sustainability, Sustainability Index Terms-Blockchain}
}

@article{Gallersdorfer2020EnergyBitcoin,
    title = {{Energy Consumption of Cryptocurrencies Beyond Bitcoin}},
    year = {2020},
    journal = {Joule},
    author = {Gallersd{\"{o}}rfer, Ulrich and Klaa{\ss}en, Lena and Stoll, Christian},
    number = {9},
    month = {9},
    pages = {1843--1846},
    volume = {4},
    publisher = {Cell Press},
    doi = {10.1016/J.JOULE.2020.07.013},
    issn = {25424351}
}

@misc{EnergyEthstaker,
    title = {{Energy consumption of high performance machines for validators : ethstaker}},
    url = {https://www.reddit.com/r/ethstaker/comments/uxk4pk/energy_consumption_of_high_performance_machines/}
}

@techreport{Gallersdorfer2022EnergyProtocolsJanuary2022,
    title = {{Energy Efficiency and Carbon Footprint of PoSBlockchain ProtocolsJanuary2022}},
    year = {2022},
    author = {Gallersd{\"{o}}rfer, Ulrich and Klaa{\ss}en, Lena and Stoll, Christian}
}

@techreport{EnergyForum,
    title = {{Energy Efficiency of Blockchain Technologies 1 A Thematic Report Prepared By The European Union Blockchain Observatory {\&} Forum}}
}

@misc{EnergyEthstakerb,
    title = {{Energy is expensive, so how much kilowatts does a staking machine use per month? : ethstaker}},
    url = {https://www.reddit.com/r/ethstaker/comments/x8v3rc/energy_is_expensive_so_how_much_kilowatts_does_a/}
}

@misc{EthereumEthereum.org,
    title = {{Ethereum Developer Resources | ethereum.org}},
    url = {https://ethereum.org/en/developers/}
}

@article{Mcdonald2022EthereumEstimate,
    title = {{Ethereum Emissions: A Bottom-up Estimate}},
    year = {2022},
    author = {Mcdonald, Kyle},
    url = {https://github.com/kylemcdonald/ethe},
    arxivId = {2112.01238v3},
    keywords = {Ethereum, cryptocurrency, emissions, energy}
}

@misc{EthereumEthereum.orgb,
    title = {{Ethereum Energy Consumption | ethereum.org}},
    url = {https://ethereum.org/en/energy-consumption/}
}

@misc{Ethereum/go-ethereum:Protocol,
    title = {{ethereum/go-ethereum: Official Go implementation of the Ethereum protocol}},
    url = {https://github.com/ethereum/go-ethereum}
}

@techreport{KhinchiEvaluatingNetworks,
    title = {{Evaluating Various Transaction Processing Characteristics of Permissioned Blockchain Networks}},
    author = {Khinchi, Vikas and Falazi, Ghareeb}
}

@article{Imbwaga2022FakeAlgorithms,
    title = {{Fake News Detection Using Machine Learning Algorithms}},
    year = {2022},
    author = {Imbwaga, Joan L and Chittaragi, Nagaratna B and Koolagudi, Shashidhar G},
    publisher = {ACM},
    url = {https://doi.org/10.1145/3549206.3549256},
    isbn = {9781450396752},
    doi = {10.1145/3549206.3549256},
    keywords = {Fake News Detection, Gradient Boosting, Random Forest, Term Frequency and Inverse document frequency}
}

@article{Imbwaga2022FakeAlgorithmsb,
    title = {{Fake News Detection Using Machine Learning Algorithms}},
    year = {2022},
    author = {Imbwaga, Joan L and Chittaragi, Nagaratna B and Koolagudi, Shashidhar G},
    publisher = {ACM},
    url = {https://doi.org/10.1145/3549206.3549256},
    isbn = {9781450396752},
    doi = {10.1145/3549206.3549256},
    keywords = {Fake News Detection, Gradient Boosting, Random Forest, Term Frequency and Inverse document frequency}
}

@article{Nagaraja2021FakeMethods,
    title = {{Fake News Detection Using Machine Learning Methods; Fake News Detection Using Machine Learning Methods}},
    year = {2021},
    author = {Nagaraja, Arun and N, Soumya K and Naik, Prajwal and Sinha, Anubhav and Vinay Rajendrakumar, Jain},
    url = {https://doi.org/10.1145/3460620.3460753},
    isbn = {9781450388382},
    doi = {10.1145/3460620.3460753},
    keywords = {Fake news, Machine Learning, Na{\"{i}}ve Bayes, SVM, performance}
}

@inproceedings{Thin2018FormalBlockchain,
    title = {{Formal analysis of a proof-of-stake blockchain}},
    year = {2018},
    booktitle = {Proceedings of the IEEE International Conference on Engineering of Complex Computer Systems, ICECCS},
    author = {Thin, Wai Yan Maung Maung and Dong, Naipeng and Bai, Guangdong and Dong, Jin Song},
    month = {12},
    pages = {197--200},
    volume = {2018-December},
    publisher = {Institute of Electrical and Electronics Engineers Inc.},
    isbn = {9781538693414},
    doi = {10.1109/ICECCS2018.2018.00031}
}

@techreport{Baird2018Hedera:Council,
    title = {{Hedera: A Public Hashgraph Network {\&} Governing Council}},
    year = {2018},
    author = {Baird, Leemon and Harmon, Mance and Madsen, Paul}
}

@article{HederaWebsiteExplaination,
    title = {{HederaWebsiteExplaination}}
}

@techreport{Castro-FotoliaHowFEATURE,
    title = {{How blockchain energy consumption affects supply chains Blockchain's use of energy is proving to be a problem in supply chains, but why? Experts are diving into the issue and providing insight on two key factors: computation and speed. FEATURE}},
    author = {Castro -Fotolia, Javier and Lawton, George}
}

@misc{HowLearning,
    title = {{How To Dealing With Imbalanced Classes in Machine Learning}},
    url = {https://www.analyticsvidhya.com/blog/2020/10/improve-class-imbalance-class-weights/}
}

@techreport{HowModel,
    title = {{How to represent a Blockchain through a mathematical model?}}
}

@inproceedings{Leung2021IdentifyingBlockchain,
    title = {{Identifying Food Fraud using Blockchain}},
    year = {2021},
    author = {Leung, Hoi and Chapman, Adriane and Fadhel, Nawfal},
    month = {4},
    pages = {185--192},
    publisher = {Scitepress},
    isbn = {9789897585043},
    doi = {10.5220/0010423801850192},
    issn = {21844976}
}

@techreport{SayamaINTRODUCTIONSYSTEMS,
    title = {{INTRODUCTION TO THE MODELING AND ANALYSIS OF COMPLEX SYSTEMS}},
    author = {Sayama, Hiroki},
    url = {https://LibreTexts.org}
}

@misc{JustBlog,
    title = {{Just How Energy Efficient is Your Blockchain? | R3 Blog}},
    url = {https://r3.com/blog/just-how-energy-efficient-is-your-blockchain/}
}

@article{Lect06,
    title = {{lect06}}
}

@article{Duijzer2018LiteratureChain,
    title = {{Literature review: The vaccine supply chain}},
    year = {2018},
    journal = {European Journal of Operational Research},
    author = {Duijzer, Lotty Evertje and van Jaarsveld, Willem and Dekker, Rommert},
    number = {1},
    month = {7},
    pages = {174--192},
    volume = {268},
    publisher = {Elsevier B.V.},
    doi = {10.1016/j.ejor.2018.01.015},
    issn = {03772217},
    keywords = {Global health, Logistics, Public health, Supply chain management, Vaccine}
}

@misc{MediaEval2015,
    title = {{MediaEval 2015}},
    url = {http://www.multimediaeval.org/mediaeval2015/verifyingmultimediause/}
}

@article{Military-supply-chain-blockchain,
    title = {{military-supply-chain-blockchain}}
}

@inproceedings{Cole2018ModelingAlgorithms,
    title = {{Modeling the Energy Consumption of Blockchain Consensus Algorithms}},
    year = {2018},
    booktitle = {2018 IEEE International Conference on Internet of Things (iThings) and IEEE Green Computing and Communications (GreenCom) and IEEE Cyber, Physical and Social Computing (CPSCom) and IEEE Smart Data (SmartData)},
    author = {Cole, Ryan and Cheng, Liang},
    month = {7},
    pages = {1691--1696},
    publisher = {IEEE},
    url = {https://ieeexplore.ieee.org/document/8726725/},
    isbn = {978-1-5386-7975-3},
    doi = {10.1109/Cybermatics{\_}2018.2018.00282}
}

@article{Suneera2020PerformanceClassification,
    title = {{Performance Analysis of Machine Learning and Deep Learning Models for Text Classification}},
    year = {2020},
    journal = {2020 IEEE 17th India Council International Conference, INDICON 2020},
    author = {Suneera, C. M. and Prakash, Jay},
    month = {12},
    publisher = {Institute of Electrical and Electronics Engineers Inc.},
    isbn = {9781728169163},
    doi = {10.1109/INDICON49873.2020.9342208},
    keywords = {deep learning, machine learning, text classification, text mining, word enbedding}
}

@misc{Fan2020PerformanceSurvey,
    title = {{Performance Evaluation of Blockchain Systems: A Systematic Survey}},
    year = {2020},
    booktitle = {IEEE Access},
    author = {Fan, Caixiang and Ghaemi, Sara and Khazaei, Hamzeh and Musilek, Petr},
    pages = {126927--126950},
    volume = {8},
    publisher = {Institute of Electrical and Electronics Engineers Inc.},
    doi = {10.1109/ACCESS.2020.3006078},
    issn = {21693536},
    keywords = {Blockchain, distributed ledger technology, performance evaluation, performance modelling, systematic survey}
}

@article{ShambhuSarkar2022PharmaceuticalManufacturers,
    title = {{Pharmaceutical Serialization : A Challenge for Small Manufacturers}},
    year = {2022},
    journal = {International Journal of Scientific Research in Computer Science, Engineering and Information Technology},
    author = {{Shambhu Sarkar}},
    month = {7},
    pages = {174--181},
    url = {https://ijsrcseit.com/CSEIT228428},
    doi = {10.32628/CSEIT228428},
    issn = {2456-3307}
}

@techreport{2013PharmaceuticalEffectiveness,
    title = {{Pharmaceutical Supply Chain Security Susan Thaul Specialist in Drug Safety and Effectiveness}},
    year = {2013},
    url = {www.crs.gov}
}

@techreport{Platform,
    title = {{Platform Overview Key Components Everyware Architecture }},
    url = {https://everyware.co.uk/technology/overview/}
}

@techreport{King2012PPCoin:Proof-of-Stake,
    title = {{PPCoin: Peer-to-Peer Crypto-Currency with Proof-of-Stake}},
    year = {2012},
    author = {King, Sunny and Nadal, Scott}
}

@techreport{Proof-of-Stake:Yield,
    title = {{Proof-of-Stake: A crypto path to lower energy consumption and yield}}
}

@misc{SobhitSeth2022PublicCompared,
    title = {{Public, Private, Permissioned Blockchains Compared}},
    year = {2022},
    author = {{Sobhit Seth}},
    month = {7},
    url = {https://www.investopedia.com/news/public-private-permissioned-blockchains-compared/#:~:text=In%20a%20public%20blockchain%2C%20anyone,delete%20entries%20on%20the%20blockchain.}
}

@inproceedings{Zhang2022ResearchCharacteristics,
    title = {{Research of blockchain technology in the analysis of user power consumption characteristics}},
    year = {2022},
    booktitle = {2022 4th International Conference on Intelligent Control, Measurement and Signal Processing, ICMSP 2022},
    author = {Zhang, Yi and Zhang, Feng and Yao, Xudong and Tang, Jianren and Liu, Ang and Wang, Binren},
    pages = {516--519},
    publisher = {Institute of Electrical and Electronics Engineers Inc.},
    isbn = {9781665486583},
    doi = {10.1109/ICMSP55950.2022.9859045},
    keywords = {blockchain, electricity characteristics, external data, security risk}
}

@misc{Sigp/blockprint:Metrics,
    title = {{sigp/blockprint: Block fingerprinting for the beacon chain, for client diversity metrics}},
    url = {https://github.com/sigp/blockprint}
}

@article{ShambhuSarkar2022SupplyTraceability,
    title = {{Supply Chain Security Act 2023 : Interoperable Data Exchange for Drug Traceability}},
    year = {2022},
    journal = {International Journal of Scientific Research in Computer Science, Engineering and Information Technology},
    author = {{Shambhu Sarkar}},
    month = {6},
    pages = {471--476},
    publisher = {Technoscience Academy},
    doi = {10.32628/cseit228390}
}

@misc{TechnologyLtd,
    title = {{Technology - Everyware Ltd}},
    url = {https://everyware.co.uk/technology/}
}

@article{Sedlmeir2020TheMyth,
    title = {{The Energy Consumption of Blockchain Technology: Beyond Myth}},
    year = {2020},
    journal = {Business and Information Systems Engineering},
    author = {Sedlmeir, Johannes and Buhl, Hans Ulrich and Fridgen, Gilbert and Keller, Robert},
    number = {6},
    month = {12},
    pages = {599--608},
    volume = {62},
    publisher = {Springer Gabler},
    doi = {10.1007/s12599-020-00656-x},
    issn = {18670202},
    keywords = {Blockchain, Cryptocurrency, Distributed ledger technology, Energy consumption, Sustainability}
}

@techreport{IbanezTheExpansion,
    title = {{The energy consumption of Proof-of-Stake systems: Replication and expansion}},
    author = {Iba{\~{n}}ez, Juan Ignacio and Rua, Francisco},
    url = {https://metrics.algorand.org/#/protocol/},
    keywords = {Blockchain, DLT, Index Terms-Energy consumption, Proof of Stake, Sustain-ability, Technological Innovation}
}

@inproceedings{Platt2022TheProof-of-Work,
    title = {{The Energy Footprint of Blockchain Consensus Mechanisms Beyond Proof-of-Work}},
    year = {2022},
    author = {Platt, Moritz and Sedlmeir, Johannes and Platt, Daniel and Xu, Jiahua and Tasca, Paolo and Vadgama, Nikhil and Ibanez, Juan Ignacio},
    month = {4},
    pages = {1135--1144},
    publisher = {Institute of Electrical and Electronics Engineers (IEEE)},
    isbn = {9781665478366},
    doi = {10.1109/qrs-c55045.2021.00168},
    arxivId = {2109.03667}
}

@techreport{TheNetwork,
    title = {{The Merge Implications on the Electricity Consumption and Carbon Footprint of the Ethereum Network}},
    url = {https://carbon-ratings.com}
}

@article{Labaran2021TheNigeria,
    title = {{The Nigerian Pharmaceutical Supply Chain: Blockchain Adoption, Counterfeit Drugs and Successful Deployment of COVID-19 Vaccine in Nigeria}},
    year = {2021},
    journal = {Journal of Scientific Research and Reports},
    author = {Labaran, Muhammad Jameel and Hamma-Adama, Mansur},
    month = {3},
    pages = {20--36},
    publisher = {Sciencedomain International},
    doi = {10.9734/jsrr/2021/v27i230356}
}

@techreport{Cartwright2018TheAfrica,
    title = {{The rise of counterfeit pharmaceuticals in Africa}},
    year = {2018},
    author = {Cartwright, Robin and Baric, Ana}
}

@article{Jarrett2020TheMonitoring,
    title = {{The role of manufacturers in the implementation of global traceability standards in the supply chain to combat vaccine counterfeiting and enhance safety monitoring}},
    year = {2020},
    journal = {Vaccine},
    author = {Jarrett, Stephen and Wilmansyah, Taufik and Bramanti, Yudha and Alitamsar, Hikmat and Alamsyah, Drajat and Krishnamurthy, Komarapuram R. and Yang, Lingjiang and Pagliusi, Sonia},
    number = {52},
    month = {12},
    pages = {8318--8325},
    volume = {38},
    publisher = {Elsevier Ltd},
    doi = {10.1016/j.vaccine.2020.11.011},
    issn = {18732518},
    pmid = {33199075},
    keywords = {Barcode, Counterfeit, Safety monitoring, Supply chain, Traceability, Vaccine coverage}
}

@article{Schuchart2016TheScale,
    title = {{The shift from processor power consumption to performance variations: fundamental implications at scale}},
    year = {2016},
    journal = {Computer Science - Research and Development},
    author = {Schuchart, Joseph and Hackenberg, Daniel and Sch{\"{o}}ne, Robert and Ilsche, Thomas and Nagappan, Ramkumar and Patterson, Michael K.},
    number = {4},
    month = {11},
    pages = {197--205},
    volume = {31},
    publisher = {Springer Verlag},
    doi = {10.1007/s00450-016-0327-2},
    issn = {18652042},
    arxivId = {1808.08106},
    keywords = {CPU frequency, Haswell-EP, LINPACK, Performance variations, Power consumption}
}

@article{AlTitle:Review,
    title = {{Title: Detecting Fake News using Machine Learning: A Systematic Literature Review}},
    author = {Al, Alim and Ahmed, Ayub and Donepudi, Praveen Kumar and Choi, Myung Suh},
    keywords = {Machine learning, Online fake news, Text Classification, fake news, social media}
}

@article{Biswas2022TraceabilityBlockchain,
    title = {{Traceability vs. sustainability in supply chains: The implications of blockchain}},
    year = {2022},
    journal = {European Journal of Operational Research},
    author = {Biswas, Debajyoti and Jalali, Hamed and Ansaripoor, Amir H. and De Giovanni, Pietro},
    month = {2},
    publisher = {Elsevier B.V.},
    doi = {10.1016/j.ejor.2022.05.034},
    issn = {03772217},
    keywords = {Blockchain, Game theory, Quality management, Supply chain, Sustainability}
}

@techreport{SaingreUnderstandingContracts,
    title = {{Understanding the energy consumption of blockchain technologies : a focus on smart contracts}},
    author = {Saingre, Dimitri},
    url = {https://theses.hal.science/tel-03546651}
}

@misc{WhatTechnologies,
    title = {{What is a light client and why you should care? | Parity Technologies}},
    url = {https://www.parity.io/blog/what-is-a-light-client/}
}

@misc{Napoletano2022WhatAdvisor,
    title = {{What Is Proof of Stake? How Does It Work? – Forbes Advisor}},
    year = {2022},
    author = {Napoletano, E and Curry, Benjamin},
    month = {4},
    url = {https://www.forbes.com/advisor/investing/cryptocurrency/proof-of-stake/}
}

@misc{ControlantWhenService,
    title = {{When blockchain meets IoT and the food and pharmaceutical cold chains – Controlant — Cold Chain as a Service{\textregistered}}},
    author = {{Controlant}},
    url = {https://controlant.com/blog/2018/when-blockchain-meets-iot-and-the-food-and-pharmaceutical-cold-chains/}
}